<record><leader>00000cas a22000007a 4500</leader><controlfield tag="001">18153811</controlfield><controlfield tag="008">880630d19uu1956txuwr ne      0    0eng d</controlfield><datafield ind1=" " ind2=" " tag="010"><subfield code="a">sn 88083834 </subfield></datafield><datafield ind1=" " ind2=" " tag="040"><subfield code="a">PPM</subfield><subfield code="b">eng</subfield><subfield code="c">PPM</subfield><subfield code="d">OCL</subfield><subfield code="d">PPM</subfield><subfield code="d">OCLCQ</subfield></datafield><datafield ind1=" " ind2=" " tag="019"><subfield code="a">18077911</subfield></datafield><datafield ind1=" " ind2=" " tag="042"><subfield code="a">msc</subfield></datafield><datafield ind1="0" ind2=" " tag="130"><subfield code="a">Enterprise (Mercedes, Tex.)</subfield></datafield><datafield ind1="1" ind2="4" tag="245"><subfield code="a">The enterprise.</subfield></datafield><datafield ind1="1" ind2="3" tag="246"><subfield code="a">Mercedes enterprise</subfield></datafield><datafield ind1=" " ind2=" " tag="260"><subfield code="a">Mercedes, Tex. :</subfield><subfield code="b">Paul C. Netz</subfield></datafield><datafield ind1=" " ind2=" " tag="310"><subfield code="a">Weekly</subfield></datafield><datafield ind1="0" ind2=" " tag="362"><subfield code="a">-v. 44, no. 27 (July 5, 1956).</subfield></datafield><datafield ind1=" " ind2=" " tag="588"><subfield code="a">Description based on: Vol. 14, no. 51 (May 16, 1941).</subfield></datafield><datafield ind1=" " ind2=" " tag="752"><subfield code="a">United States</subfield><subfield code="b">Texas</subfield><subfield code="c">Hidalgo</subfield><subfield code="d">Mercedes.</subfield></datafield><datafield ind1="0" ind2="0" tag="780"><subfield code="t">Mercedes enterprise</subfield><subfield code="w">(DLC)sn 83025738</subfield></datafield><datafield ind1="0" ind2="0" tag="785"><subfield code="t">Mercedes enterprise (Mercedes, Tex. : 1956)</subfield><subfield code="w">(DLC)sn 88083690</subfield></datafield><datafield ind1="1" ind2=" " tag="029"><subfield code="a">AU@</subfield><subfield code="b">000025805129</subfield></datafield></record>